% Created 2024-08-16 11:42:04 by https://text2bib.org. Algorithm version 2024-08-14 02:08:57.

% Abler, B. & Kessler, H. (2009). Emotion Regulation Questionnaire – Eine deutschsprachige Fassung des ERQ von Gross und John. Diagnostica, 55(3), 144–152. https://doi.org/10.1026/0012-1924.55.3.144 
@article{ak09,
  doi = {10.1026/0012-1924.55.3.144},
  author = {Abler, B. and Kessler, H.},
  year = {2009},
  title = {Emotion Regulation Questionnaire -- Eine deutschsprachige Fassung des ERQ von Gross und John},
  journal = {Diagnostica},
  volume = {55},
  number = {3},
  pages = {144-152},
}

% Alarcon, G. M., Eschleman, K. J. & Bowling, N. A. (2009). Relationships between personality variables and burnout: A meta-analysis. Work & Stress, 23(3), 244–263. https://doi.org/10.1080/02678370903282600 
@article{aeb09,
  doi = {10.1080/02678370903282600},
  author = {Alarcon, G. M. and Eschleman, K. J. and Bowling, N. A.},
  year = {2009},
  title = {Relationships between personality variables and burnout: A meta-analysis},
  journal = {Work & Stress},
  volume = {23},
  number = {3},
  pages = {244-263},
}

% Baumeister, R. F., Heatherton, T. F. & Tice, D. M. (1995). Losing control: How and why people fail at self-regulation. Academic Press. 
@book{bht95,
  author = {Baumeister, R. F. and Heatherton, T. F. and Tice, D. M.},
  year = {1995},
  title = {Losing control: How and why people fail at self-regulation},
  publisher = {Academic Press},
}

% Bertrams, A. & Dickhäuser, O. (2009). Messung dispositioneller Selbstkontroll-Kapazität. Diagnostica, 55(1), 2–10. https://doi.org/10.1026/0012-1924.55.1.2  
@article{bd09,
  doi = {10.1026/0012-1924.55.1.2},
  author = {Bertrams, A. and Dickhäuser, O.},
  year = {2009},
  title = {Messung dispositioneller Selbstkontroll-Kapazität},
  journal = {Diagnostica},
  volume = {55},
  number = {1},
  pages = {2-10},
}

% Bertrams, A. & Dickhäuser, O. (2012). Passionate thinkers feel better: Self-control capacity as mediator of the relationship between Need for Cognition and affective adjustment. Journal of Individual Differences, 33(2), 69–75. https://doi.org/10.1027/1614-0001/a000081  
@article{bd12,
  doi = {10.1027/1614-0001/a000081},
  author = {Bertrams, A. and Dickhäuser, O.},
  year = {2012},
  title = {Passionate thinkers feel better: Self-control capacity as mediator of the relationship between Need for Cognition and affective adjustment},
  journal = {Journal of Individual Differences},
  volume = {33},
  number = {2},
  pages = {69-75},
}

% Bianchi, R., Schonfeld, I. S. & Laurent, E. (2015). Burnout–depression overlap: A review. Clinical Psychology Review, 36, 28–41. https://doi.org/10.1016/j.cpr.2015.01.004 
@article{bsl15,
  doi = {10.1016/j.cpr.2015.01.004},
  author = {Bianchi, R. and Schonfeld, I. S. and Laurent, E.},
  year = {2015},
  title = {Burnout--depression overlap: A review},
  journal = {Clinical Psychology Review},
  volume = {36},
  pages = {28-41},
}

% Bing, H., Sadjadi, B., Afzali, M. & Fathi, J. (2022). Self-efficacy and emotion regulation as predictors of teacher burnout among English as a foreign language teachers: A structural equation modeling approach. Frontiers in Psychology, 13. https://doi.org/10.3389/fpsyg.2022.900417 
@article{bsaf22,
  doi = {10.3389/fpsyg.2022.900417},
  author = {Bing, H. and Sadjadi, B. and Afzali, M. and Fathi, J.},
  year = {2022},
  title = {Self-efficacy and emotion regulation as predictors of teacher burnout among English as a foreign language teachers: A structural equation modeling approach},
  journal = {Frontiers in Psychology},
  volume = {13},
}

% Blaine, S. K., Milivojevic, V., Fox, H. & Sinha, R. (2016). Alcohol effects on stress pathways. The Canadian Journal of Psychiatry, 61(3), 145–153. https://doi.org/10.1177/0706743716632512 
@article{bmfs16,
  doi = {10.1177/0706743716632512},
  author = {Blaine, S. K. and Milivojevic, V. and Fox, H. and Sinha, R.},
  year = {2016},
  title = {Alcohol effects on stress pathways},
  journal = {The Canadian Journal of Psychiatry},
  volume = {61},
  number = {3},
  pages = {145-153},
}

% Bless, H., Wänke, M., Bohner, G., Fellhauer, R. F. & Schwarz, N. (1994). Need for Cognition: Eine Skala zur Erfassung von Engagement und Freude bei Denkaufgaben. Zeitschrift Für Sozialpsychologie, 25, 147–154. https://pub.uni-bielefeld.de/publication/1779110 
@article{bwbfs94,
  url = {https://pub.uni-bielefeld.de/publication/1779110},
  author = {Bless, H. and Wänke, M. and Bohner, G. and Fellhauer, R. F. and Schwarz, N.},
  year = {1994},
  title = {Need for Cognition: Eine Skala zur Erfassung von Engagement und Freude bei Denkaufgaben},
  journal = {Zeitschrift Für Sozialpsychologie},
  volume = {25},
  pages = {147-154},
}

% Bortz, J. & Schuster, C. (2010). Statistik für Human- und Sozialwissenschaftler. https://doi.org/10.1007/978-3-642-12770-0 
@unpublished{bs10,
  doi = {10.1007/978-3-642-12770-0},
  author = {Bortz, J. and Schuster, C.},
  year = {2010},
  title = {Statistik für Human- und Sozialwissenschaftler},
}

% Böhm-Kasper, O., Bos, W., Jaeckel, S. & Weishaupt, H. (2000). Skalenhandbuch zur Belastung von Schülern und Lehrern. Das Erfurter Belastungs-Inventar (EBI). Erfurter Materialien und Berichte zur Entwicklung des Bildungswesens (vol. 2). Erfurt: Pädagogische Hochschule Erfurt. 
@book{bbjw00,
  author = {Böhm-Kasper, O. and Bos, W. and Jaeckel, S. and Weishaupt, H.},
  year = {2000},
  volume = {ol},
  title = {Skalenhandbuch zur Belastung von Schülern und Lehrern. Das Erfurter Belastungs-Inventar (EBI). Erfurter Materialien und Berichte zur Entwicklung des Bildungswesens},
  publisher = {Pädagogische Hochschule Erfurt},
  address = {Erfurt},
}

% Budimir, S., Probst, T. & Pieh, C. (2021). Coping strategies and mental health during COVID-19 lockdown. Journal of Mental Health, 30(2), 156–163. https://doi.org/10.1080/09638237.2021.1875412  
@article{bpp21,
  doi = {10.1080/09638237.2021.1875412},
  author = {Budimir, S. and Probst, T. and Pieh, C.},
  year = {2021},
  title = {Coping strategies and mental health during COVID-19 lockdown},
  journal = {Journal of Mental Health},
  volume = {30},
  number = {2},
  pages = {156-163},
}

% Bughi, S. A., Lie, D., Zia, S. K. & Rosenthal, J. (2017). Using a personality inventory to identify risk of distress and burnout among early stage medical students. Education for health, 30(1), 26. https://doi.org/10.4103/1357-6283.210499 
@article{blzr17,
  doi = {10.4103/1357-6283.210499},
  author = {Bughi, S. A. and Lie, D. and Zia, S. K. and Rosenthal, J.},
  year = {2017},
  title = {Using a personality inventory to identify risk of distress and burnout among early stage medical students},
  journal = {Education for health},
  volume = {30},
  number = {1},
  pages = {26},
}

% Burisch, M. (2006). Das Burnout-Syndrom. In Springer eBooks (3. Aufl.). Springer Medizin Verlag Heidelberg. https://doi.org/10.1007/3-540-29660-3 
@incollection{b06,
  doi = {10.1007/3-540-29660-3},
  author = {Burisch, M.},
  year = {2006},
  title = {Das Burnout-Syndrom},
  editor = {Springer Medizin Verlag Heidelberg},
  publisher = {Springer EBooks},
  address = {Heidelberg},
  booktitle = {Springer eBooks (3. Aufl.)},
}

% Büssing, A., & Perrar, K.-M. (1992). Die Messung von Burnout. Untersuchung einer deutschen Fassung des Maslach Burnout Inventory (MBI-D). Diagnostica, 38, 328-353. 
@article{bp92,
  author = {Büssing, A. and Perrar, K.-M.},
  year = {1992},
  title = {Die Messung von Burnout. Untersuchung einer deutschen Fassung des Maslach Burnout Inventory (MBI-D)},
  journal = {Diagnostica},
  volume = {38},
  pages = {328-353},
}

% Bridgeman, P. J., Bridgeman, M. B. & Barone, J. (2018). Burnout syndrome among healthcare professionals. American Journal of Health-System Pharmacy, 75(3), 147–152. https://doi.org/10.2146/ajhp170460  
@article{bbb18,
  doi = {10.2146/ajhp170460},
  author = {Bridgeman, P. J. and Bridgeman, M. B. and Barone, J.},
  year = {2018},
  title = {Burnout syndrome among healthcare professionals},
  journal = {American Journal of Health-System Pharmacy},
  volume = {75},
  number = {3},
  pages = {147-152},
}

% Cacioppo, J. T. & Petty, R. E. (1982). The Need for Cognition. Journal of Personality and Social Psychology, 42(1), 116–131. https://doi.org/10.1037/0022-3514.42.1.116  
@article{cp82,
  doi = {10.1037/0022-3514.42.1.116},
  author = {Cacioppo, J. T. and Petty, R. E.},
  year = {1982},
  title = {The Need for Cognition},
  journal = {Journal of Personality and Social Psychology},
  volume = {42},
  number = {1},
  pages = {116-131},
}

% Cacioppo, J. T., Petty, R. E., Feinstein, J. A. & Jarvis, W. B. G. (1996). Dispositional differences in cognitive motivation: The life and times of individuals varying in Need for Cognition. Psychological Bulletin, 119(2), 197–253. https://doi.org/10.1037/0033-2909.119.2.197  
@article{cpfj96,
  doi = {10.1037/0033-2909.119.2.197},
  author = {Cacioppo, J. T. and Petty, R. E. and Feinstein, J. A. and Jarvis, W. B. G.},
  year = {1996},
  title = {Dispositional differences in cognitive motivation: The life and times of individuals varying in Need for Cognition},
  journal = {Psychological Bulletin},
  volume = {119},
  number = {2},
  pages = {197-253},
}

% Champely, S. (2020). Pwr: Basic functions for power analysis. (1.3-0) [Software] 
@article{c20,
  author = {Champely, S.},
  year = {2020},
  title = {Pwr: Basic functions for power analysis},
  journal = {(1.3-0) [Software]},
  url = {https://CRAN.R-project.org/package=pwr},
}

% Chang, M. L. (2020). Emotion display rules, emotion regulation, and teacher burnout. Frontiers in Education, 5. https://doi.org/10.3389/feduc.2020.00090 
@article{c20-1,
  doi = {10.3389/feduc.2020.00090},
  author = {Chang, M. L.},
  year = {2020},
  title = {Emotion display rules, emotion regulation, and teacher burnout},
  journal = {Frontiers in Education},
  volume = {5},
}

% Demirdağ, S. (2021). Communication skills and time management as the predictors of student motivation. International journal of psychology and educational studies, 8(1), 38–50. https://doi.org/10.17220/ijpes.2021.8.1.222  
@article{d21,
  doi = {10.17220/ijpes.2021.8.1.222},
  author = {Demirdağ, S.},
  year = {2021},
  title = {Communication skills and time management as the predictors of student motivation},
  journal = {International journal of psychology and educational studies},
  volume = {8},
  number = {1},
  pages = {38-50},
}

% Dewa, C. S., Loong, D., Bonato, S. & Trojanowski, L. (2017). The relationship between physician burnout and quality of healthcare in terms of safety and acceptability: A systematic review. BMJ Open, 7(6), e015141. https://doi.org/10.1136/bmjopen-2016-015141  
@article{dlbt17,
  doi = {10.1136/bmjopen-2016-015141},
  author = {Dewa, C. S. and Loong, D. and Bonato, S. and Trojanowski, L.},
  year = {2017},
  title = {The relationship between physician burnout and quality of healthcare in terms of safety and acceptability: A systematic review},
  journal = {BMJ Open},
  volume = {7},
  number = {6},
  pages = {e015141},
}

% Dreher, A., Theune, M., Kersting, C., Geiser, F. & Weltermann, B. (2019). Prevalence of burnout among German general practitioners: Comparison of physicians working in solo and group practices. PLOS ONE, 14(2), e0211223. https://doi.org/10.1371/journal.pone.0211223 
@article{dtkgw19,
  doi = {10.1371/journal.pone.0211223},
  author = {Dreher, A. and Theune, M. and Kersting, C. and Geiser, F. and Weltermann, B.},
  year = {2019},
  title = {Prevalence of burnout among {G}erman general practitioners: Comparison of physicians working in solo and group practices},
  journal = {PLOS ONE},
  volume = {14},
  number = {2},
  pages = {e0211223},
}

% Dunn, T. J., Baguley, T. & Brunsden, V. (2013). From alpha to omega: A practical solution to the pervasive problem of internal consistency estimation. British Journal of Psychology, 105(3), 399–412. https://doi.org/10.1111/bjop.12046 
@article{dbb13,
  doi = {10.1111/bjop.12046},
  author = {Dunn, T. J. and Baguley, T. and Brunsden, V.},
  year = {2013},
  title = {From alpha to omega: A practical solution to the pervasive problem of internal consistency estimation},
  journal = {British Journal of Psychology},
  volume = {105},
  number = {3},
  pages = {399-412},
}

% Duru, E., Duru, S. & Balkıs, M. (2014). Analysis of relationships among burnout, academic achievement, and self-regulation. Kuram Ve Uygulamada Egitim Bilimleri. https://doi.org/10.12738/estp.2014.4.2050 
@book{ddb14,
  doi = {10.12738/estp.2014.4.2050},
  author = {Duru, E. and Duru, S. and Balkıs, M.},
  year = {2014},
  title = {Analysis of relationships among burnout, academic achievement, and self-regulation},
  publisher = {Kuram Ve Uygulamada Egitim Bilimleri},
}

% Elias, S. M. & Loomis, R. J. (2002). Utilizing Need for Cognition and perceived Self-efficacy to predict academic performance1. Journal of Applied Social Psychology, 32(8), 1687–1702. https://doi.org/10.1111/j.1559-1816.2002.tb02770.x  
@article{el02,
  doi = {10.1111/j.1559-1816.2002.tb02770.x},
  author = {Elias, S. M. and Loomis, R. J.},
  year = {2002},
  title = {Utilizing Need for Cognition and perceived Self-efficacy to predict academic performance1},
  journal = {Journal of Applied Social Psychology},
  volume = {32},
  number = {8},
  pages = {1687-1702},
}

% Faul, F., Erdfelder, E., Lang, A. & Buchner, A. (2007). G*Power (3.1.9.7) [Software]. http://www.gpower.hhu.de/  
@online{felb07,
  url = {http://www.gpower.hhu.de/},
  author = {Faul, F. and Erdfelder, E. and Lang, A. and Buchner, A.},
  year = {2007},
  title = {G*Power (3.1.9.7) [Software]},
}

% Fleischhauer, M., Enge, S., Brocke, B., Ullrich, J., Strobel, A. & Strobel, A. (2010). Same or Different? Clarifying the Relationship of Need for Cognition to Personality and Intelligence. Personality and Social Psychology Bulletin, 36(1), 82–96. https://doi.org/10.1177/0146167209351886 
@article{febuss10,
  doi = {10.1177/0146167209351886},
  author = {Fleischhauer, M. and Enge, S. and Brocke, B. and Ullrich, J. and Strobel, A. and Strobel, A.},
  year = {2010},
  title = {Same or Different? Clarifying the Relationship of Need for Cognition to Personality and Intelligence},
  journal = {Personality and Social Psychology Bulletin},
  volume = {36},
  number = {1},
  pages = {82-96},
}

% Fleischhauer, M., Miller, R., Wekenborg, M. K., Penz, M., Kirschbaum, C. & Enge, S. (2019). Thinking against burnout? An individual’s tendency to engage in and enjoy thinking as a potential resilience factor of burnout symptoms and burnout-related impairment in executive functioning. Frontiers in Psychology, 10. https://doi.org/10.3389/fpsyg.2019.00420  
@article{fmwpke19,
  doi = {10.3389/fpsyg.2019.00420},
  author = {Fleischhauer, M. and Miller, R. and Wekenborg, M. K. and Penz, M. and Kirschbaum, C. and Enge, S.},
  year = {2019},
  title = {Thinking against burnout? An individual's tendency to engage in and enjoy thinking as a potential resilience factor of burnout symptoms and burnout-related impairment in executive functioning},
  journal = {Frontiers in Psychology},
  volume = {10},
}

% Folkman, S. & Lazarus, R. S. (1980). An analysis of coping in a middle-aged community sample. Journal of Health and Social Behavior, 21(3), 219. https://doi.org/10.2307/2136617  
@article{fl80,
  doi = {10.2307/2136617},
  author = {Folkman, S. and Lazarus, R. S.},
  year = {1980},
  title = {An analysis of coping in a middle-aged community sample},
  journal = {Journal of Health and Social Behavior},
  volume = {21},
  number = {3},
  pages = {219},
}

% Galanis, P., Vraka, I., Fragkou, D., Bilali, A. & Kaitelidou, D. (2021). Nurses’ burnout and associated risk factors during the COVID‐19 pandemic: A systematic review and meta‐analysis. Journal of Advanced Nursing. https://doi.org/10.1111/jan.14839  
@article{gvfbk21,
  doi = {10.1111/jan.14839},
  author = {Galanis, P. and Vraka, I. and Fragkou, D. and Bilali, A. and Kaitelidou, D.},
  year = {2021},
  title = {Nurses' burnout and associated risk factors during the COVID-19 pandemic: A systematic review and meta-analysis},
  journal = {Journal of Advanced Nursing},
}

% Galea, M. (2014). Assessing the incremental validity of spirituality in predicting nurses’ burnout. Archive for the Psychology of Religion, 36(1), 118–136. https://doi.org/10.1163/15736121-12341276  
@article{g14,
  doi = {10.1163/15736121-12341276},
  author = {Galea, M.},
  year = {2014},
  title = {Assessing the incremental validity of spirituality in predicting nurses' burnout},
  journal = {Archive for the Psychology of Religion},
  volume = {36},
  number = {1},
  pages = {118-136},
}

% Gignac, G. E. & Szodorai, E. T. (2016). Effect size guidelines for individual differences researchers. Personality and Individual Differences, 102, 74–78. https://doi.org/10.1016/j.paid.2016.06.069 
@article{gs16,
  doi = {10.1016/j.paid.2016.06.069},
  author = {Gignac, G. E. and Szodorai, E. T.},
  year = {2016},
  title = {Effect size guidelines for individual differences researchers},
  journal = {Personality and Individual Differences},
  volume = {102},
  pages = {74-78},
}

% Gumz, A., Erices, R., Brähler, E. & Zenger, M. (2013). Faktorstruktur und Gütekriterien der deutschen Übersetzung des Maslach-Burnout-Inventars für Studierende von Schaufeli et al. (MBI-SS). Psychotherapie Psychosomatik Medizinische Psychologie, 63(02), 77–84. https://doi.org/10.1055/s-0032-1323695 
@article{gebz13,
  doi = {10.1055/s-0032-1323695},
  author = {Gumz, A. and Erices, R. and Brähler, E. and Zenger, M.},
  year = {2013},
  title = {{Faktorstruktur und Gütekriterien der deutschen Übersetzung des Maslach-Burnout-Inventars für Studierende von Schaufeli et al. (MBI-SS)}},
  journal = {Psychotherapie Psychosomatik Medizinische Psychologie},
  volume = {63},
  number = {02},
  pages = {77-84},
}

% Grass, J., Dörendahl, J., Losereit, T., Greiff, S. & Strobel, A. (2022). Thinking to promote happiness: Need for Cognition, subjective well-being, and burnout in different populations. PsyArXiv. https://doi.org/10.31234/osf.io/zwc4y 
@book{gdlgs22,
  doi = {10.31234/osf.io/zwc4y},
  author = {Grass, J. and Dörendahl, J. and Losereit, T. and Greiff, S. and Strobel, A.},
  year = {2022},
  title = {Thinking to promote happiness: Need for Cognition, subjective well-being, and burnout in different populations},
  publisher = {PsyArXiv},
}

% Grass, J., John, N. & Strobel, A. (2018). Freude am Denken als Schlüssel zum Erfolg? Die Bedeutung von Need for Cognition für subjektives Erleben und Leistung im Studium. Zeitschrift für Pädagogische Psychologie, 32(3), 145–154. https://doi.org/10.1024/1010-0652/a000222  
@article{gjs18,
  doi = {10.1024/1010-0652/a000222},
  author = {Grass, J. and John, N. and Strobel, A.},
  year = {2018},
  title = {Freude am Denken als Schlüssel zum Erfolg? Die Bedeutung von Need for Cognition für subjektives Erleben und Leistung im Studium},
  journal = {Zeitschrift für Pädagogische Psychologie},
  volume = {32},
  number = {3},
  pages = {145-154},
}

% Grass, J., Krieger, F., Paulus, P., Greiff, S., Strobel, A. & Strobel, A. (2019). Thinking in action: Need for Cognition predicts Self-Control together with Action Orientation. PLOS ONE, 14(8), e0220282. https://doi.org/10.1371/journal.pone.0220282  
@article{gkpgss19,
  doi = {10.1371/journal.pone.0220282},
  author = {Grass, J. and Krieger, F. and Paulus, P. and Greiff, S. and Strobel, A. and Strobel, A.},
  year = {2019},
  title = {Thinking in action: Need for Cognition predicts Self-Control together with Action Orientation},
  journal = {PLOS ONE},
  volume = {14},
  number = {8},
  pages = {e0220282},
}

% Grass, J., Scherbaum, S. & Strobel, A. (2022). A question of method and subjective beliefs. Journal of Individual Differences. https://doi.org/10.1027/1614-0001/a000381  
@article{gss22,
  doi = {10.1027/1614-0001/a000381},
  author = {Grass, J. and Scherbaum, S. and Strobel, A.},
  year = {2022},
  title = {A question of method and subjective beliefs},
  journal = {Journal of Individual Differences},
}

% Greenglass, E. R. & Fiksenbaum, L. (2009). Proactive coping, positive affect, and well-being. European Psychologist, 14(1), 29–39. https://doi.org/10.1027/1016-9040.14.1.29 
@article{gf09,
  doi = {10.1027/1016-9040.14.1.29},
  author = {Greenglass, E. R. and Fiksenbaum, L.},
  year = {2009},
  title = {Proactive coping, positive affect, and well-being},
  journal = {European Psychologist},
  volume = {14},
  number = {1},
  pages = {29-39},
}

% Gross, J. J. (1998). Antecedent- and response-focused emotion regulation: Divergent consequences for experience, expression, and physiology. Journal of Personality and Social Psychology, 74(1), 224–237. https://doi.org/10.1037/0022-3514.74.1.224 
@article{g98,
  doi = {10.1037/0022-3514.74.1.224},
  author = {Gross, J. J.},
  year = {1998},
  title = {Antecedent- and response-focused emotion regulation: Divergent consequences for experience, expression, and physiology},
  journal = {Journal of Personality and Social Psychology},
  volume = {74},
  number = {1},
  pages = {224-237},
}

% Gross, J. J. (2002). Emotion regulation: Affective, cognitive, and social consequences. Psychophysiology, 39(3), 281–291. https://doi.org/10.1017/s0048577201393198  
@article{g02,
  doi = {10.1017/s0048577201393198},
  author = {Gross, J. J.},
  year = {2002},
  title = {Emotion regulation: Affective, cognitive, and social consequences},
  journal = {Psychophysiology},
  volume = {39},
  number = {3},
  pages = {281-291},
}

% Haeffel, G. J. & Howard, G. S. (2010). Self-report: Psychology’s four-letter word. American Journal of Psychology, 123(2), 181–188. https://doi.org/10.5406/amerjpsyc.123.2.0181 
@article{hh10,
  doi = {10.5406/amerjpsyc.123.2.0181},
  author = {Haeffel, G. J. and Howard, G. S.},
  year = {2010},
  title = {Self-report: Psychology's four-letter word},
  journal = {American Journal of Psychology},
  volume = {123},
  number = {2},
  pages = {181-188},
}

% Hall, L. H., Johnson, J., Watt, I., Tsipa, A. & O’Connor, D. B. (2016). Healthcare staff wellbeing, burnout, and patient safety: A systematic review. PLOS ONE, 11(7), e0159015. https://doi.org/10.1371/journal.pone.0159015  
@article{hjwto16,
  doi = {10.1371/journal.pone.0159015},
  author = {Hall, L. H. and Johnson, J. and Watt, I. and Tsipa, A. and O'Connor, D. B.},
  year = {2016},
  title = {Healthcare staff wellbeing, burnout, and patient safety: A systematic review},
  journal = {PLOS ONE},
  volume = {11},
  number = {7},
  pages = {e0159015},
}

% Hassan, N. M., Abu-Elenin, M. M., Elsallamy, R. M. & Kabbash, I. A. (2020). Job stress among resident physicians in Tanta University hospitals, Egypt. Environmental Science and Pollution Research, 27(30), 37557–37564. https://doi.org/10.1007/s11356-020-08271-9  
@article{haek20,
  doi = {10.1007/s11356-020-08271-9},
  author = {Hassan, N. M. and Abu-Elenin, M. M. and Elsallamy, R. M. and Kabbash, I. A.},
  year = {2020},
  title = {Job stress among resident physicians in Tanta University hospitals, Egypt},
  journal = {Environmental Science and Pollution Research},
  volume = {27},
  number = {30},
  pages = {37557-37564},
}

% Hoff, I. H., Farkas, A., Melicherova, U., Köllner, V., Hoyer, J., Strobel, A., Strobel, A. (2022). The role of cognitive motivation and self-regulation in coping with occupational demands. PsyArXiv. https://doi.org/10.31234/osf.io/5fk6x 
@book{hfmkhss22,
  doi = {10.31234/osf.io/5fk6x},
  author = {Hoff, I. H. and Farkas, A. and Melicherova, U. and Köllner, V. and Hoyer, J. and Strobel, A. and Strobel, A.},
  year = {2022},
  title = {The role of cognitive motivation and self-regulation in coping with occupational demands},
  publisher = {PsyArXiv},
}

% Hu, L. & Bentler, P. M. (1999). Cutoff criteria for fit indexes in covariance structure analysis: Conventional criteria versus new alternatives. Structural Equation Modeling, 6(1), 1–55. https://doi.org/10.1080/10705519909540118 
@article{hb99,
  doi = {10.1080/10705519909540118},
  author = {Hu, L. and Bentler, P. M.},
  year = {1999},
  title = {Cutoff criteria for fit indexes in covariance structure analysis: Conventional criteria versus new alternatives},
  journal = {Structural Equation Modeling},
  volume = {6},
  number = {1},
  pages = {1-55},
}

% Hu, T., Zhang, D., Wang, J., Mistry, R., Ran, G. & Wang, X. (2014). Relation between emotion regulation and mental health: A meta-analysis review. Psychological Reports, 114(2), 341–362. https://doi.org/10.2466/03.20.pr0.114k22w4  
@article{hzwmrw14,
  doi = {10.2466/03.20.pr0.114k22w4},
  author = {Hu, T. and Zhang, D. and Wang, J. and Mistry, R. and Ran, G. and Wang, X.},
  year = {2014},
  title = {Relation between emotion regulation and mental health: A meta-analysis review},
  journal = {Psychological Reports},
  volume = {114},
  number = {2},
  pages = {341-362},
}

% Kadur, A.M. (2018). Risiko- und Protektivfaktoren der Persönlichkeit von Pflegekräften 
@unpublished{k18,
  author = {Kadur, A. M.},
  year = {2018},
  title = {Risiko- und Protektivfaktoren der Persönlichkeit von Pflegekräften},
  title = {Unpublished Master's thesis]},
  publisher = {University of Technology Chemnitz},
}

% Karagiannopoulou, E., Milienos, F. S. & Rentzios, C. (2020). Grouping learning approaches and emotional factors to predict students’ academic progress. International journal of school and educational psychology, 10(2), 258–275. https://doi.org/10.1080/21683603.2020.1832941 
@article{kmr20,
  doi = {10.1080/21683603.2020.1832941},
  author = {Karagiannopoulou, E. and Milienos, F. S. and Rentzios, C.},
  year = {2020},
  title = {Grouping learning approaches and emotional factors to predict students' academic progress},
  journal = {International journal of school and educational psychology},
  volume = {10},
  number = {2},
  pages = {258-275},
}

% Leiter, M. P. (1992). Burn-out as a crisis in self-efficacy: Conceptual and practical implications. Work & Stress, 6(2), 107–115. https://doi.org/10.1080/02678379208260345 
@article{l92,
  doi = {10.1080/02678379208260345},
  author = {Leiter, M. P.},
  year = {1992},
  title = {Burn-out as a crisis in self-efficacy: Conceptual and practical implications},
  journal = {Work & Stress},
  volume = {6},
  number = {2},
  pages = {107-115},
}

% Lefrank, W. & Gräf, M. (2021). Eine quantitative Studie zum Einfluss von Achtsamkeit auf Stress, Burnout und Depression. Arbeitspapiere der FOM, 82, ISBN 978-3-89275-235-6. https://www.econstor.eu/handle/10419/248720 
@online{lg21,
  note = {Arbeitspapiere der FOM, 82},
  url = {https://www.econstor.eu/handle/10419/248720},
  isbn = {978-3-89275-235-6},
  author = {Lefrank, W. and Gräf, M.},
  year = {2021},
  title = {Eine quantitative Studie zum Einfluss von Achtsamkeit auf Stress, Burnout und Depression},
}

% Li, X., Guan, L., Chang, H. H. & Zhang, B. (2014). Core self-evaluation and burnout among nurses: The mediating role of coping styles. PLOS ONE, 9(12), e115799. https://doi.org/10.1371/journal.pone.0115799 
@article{lgcz14,
  doi = {10.1371/journal.pone.0115799},
  author = {Li, X. and Guan, L. and Chang, H. H. and Zhang, B.},
  year = {2014},
  title = {Core self-evaluation and burnout among nurses: The mediating role of coping styles},
  journal = {PLOS ONE},
  volume = {9},
  number = {12},
  pages = {e115799},
}

% Lyndon, A. (2015, January 1). Burnout among health professionals and its effect on patient safety. PSNet. Retrieved March 31, 2023, from https://psnet.ahrq.gov/perspective/burnout-among-health-professionals-and-its-effect-patient-safety 
@article{l15,
  urldate = {March 31, 2023},
  url = {https://psnet.ahrq.gov/perspective/burnout-among-health-professionals-and-its-effect-patient-safety},
  month = {January},
  date = {2015-01-01},
  author = {Lyndon, A.},
  year = {2015},
  title = {Burnout among health professionals and its effect on patient safety},
  journal = {PSNet},
}

% Maslach, C. (1998). A multidimensional theory of burnout. In C. L. Cooper (Eds.), Theories of Organizational Stress (pp. 68–85). Oxford University Press. https://www.researchgate.net/profile/Christina-Maslach/publication/280939428_A_Multidimensional_Theory_of_Burnout/links/55cd2b0708aebebb8f577ea5/A-Multidimensional-Theory-of-Burnout.pdf 
@incollection{m98,
  url = {https://www.researchgate.net/profile/Christina-Maslach/publication/280939428_A_Multidimensional_Theory_of_Burnout/links/55cd2b0708aebebb8f577ea5/A-Multidimensional-Theory-of-Burnout.pdf},
  author = {Maslach, C.},
  year = {1998},
  title = {A multidimensional theory of burnout},
  pages = {68-85},
  editor = {C. L. Cooper},
  publisher = {Oxford University Press},
  booktitle = {Theories of Organizational Stress},
}

% Maslach, C. (2003). Job burnout: New directions in research and intervention. Current Directions in Psychological Science, 12(5), 189–192. https://doi.org/10.1111/1467-8721.01258  
@article{m03,
  doi = {10.1111/1467-8721.01258},
  author = {Maslach, C.},
  year = {2003},
  title = {Job burnout: New directions in research and intervention},
  journal = {Current Directions in Psychological Science},
  volume = {12},
  number = {5},
  pages = {189-192},
}

% Maslach, C. & Jackson, S. E. (1981). The measurement of experienced burnout. Journal of Organizational Behavior, 2(2), 99–113. https://doi.org/10.1002/job.4030020205  
@article{mj81,
  doi = {10.1002/job.4030020205},
  author = {Maslach, C. and Jackson, S. E.},
  year = {1981},
  title = {The measurement of experienced burnout},
  journal = {Journal of Organizational Behavior},
  volume = {2},
  number = {2}, 
  pages = {99--113},
}

% Maslach, C., Schaufeli, W. B. & Leiter, M. P. (2001). Job burnout. Annual Review of Psychology, 52(1), 397–422. https://doi.org/10.1146/annurev.psych.52.1.397  
@article{msl01,
  doi = {10.1146/annurev.psych.52.1.397},
  author = {Maslach, C. and Schaufeli, W. B. and Leiter, M. P.},
  year = {2001},
  title = {Job burnout},
  journal = {Annual Review of Psychology},
  volume = {52},
  number = {1},
  pages = {397-422},
}

% Naderi, Z., Bakhtiari, S., Momennasab, M., Abootalebi, M. & Mirzaei, T. (2018). Prediction of academic burnout and academic performance based on the Need for Cognition and general self-efficacy: A cross-sectional analytical study. Revista Latinoamericana de Hipertensión, 13(6), 584–591. http://saber.ucv.ve/ojs/index.php/rev_lh/article/view/15 958  
@article{nbmam18,
  url = {http://saber.ucv.ve/ojs/index.php/rev_lh/article/view/15},
  author = {Naderi, Z. and Bakhtiari, S. and Momennasab, M. and Abootalebi, M. and Mirzaei, T.},
  year = {2018},
  title = {Prediction of academic burnout and academic performance based on the Need for Cognition and general self-efficacy: A cross-sectional analytical study},
  journal = {Revista Latinoamericana de Hipertensión},
  volume = {13},
  number = {6},
  pages = {584-591},
}

% Oreskovich, M. R., Kaups, K. L., Balch, C. M., Hanks, J. B., Satele, D., Sloan, J. A., Meredith, C. W., Buhl, A., Dyrbye, L. N. & Shanafelt, T. D. (2012). Prevalence of alcohol use disorders among american surgeons. Archives of Surgery, 147(2), 168–175. https://doi.org/10.1001/archsurg.2011.1481 
@article{okbhssmbds12,
  doi = {10.1001/archsurg.2011.1481},
  author = {Oreskovich, M. R. and Kaups, K. L. and Balch, C. M. and Hanks, J. B. and Satele, D. and Sloan, J. A. and Meredith, C. W. and Buhl, A. and Dyrbye, L. N. and Shanafelt, T. D.},
  year = {2012},
  title = {Prevalence of alcohol use disorders among american surgeons},
  journal = {Archives of Surgery},
  volume = {147},
  number = {2},
  pages = {168-175},
}

% Palupi, R. & Findyartini, A. (2019). The relationship between gender and coping mechanisms with burnout events in first-year medical students. Korean Journal of Medical Education, 31(4), 331–342. https://doi.org/10.3946/kjme.2019.143 
@article{pf19,
  doi = {10.3946/kjme.2019.143},
  author = {Palupi, R. and Findyartini, A.},
  year = {2019},
  title = {The relationship between gender and coping mechanisms with burnout events in first-year medical students},
  journal = {Korean Journal of Medical Education},
  volume = {31},
  number = {4},
  pages = {331-342},
}

% Parandeh, A., Ashtari, S., Rahimi-Bashar, F., Gohari-Moghadam, K. & Vahedian-Azimi, A.  
@unpublished{pargv,
  author = {Parandeh, A. and Ashtari, S. and Rahimi-Bashar, F. and Gohari-Moghadam, K. and Vahedian-Azimi, A.},
}

% (2022). Prevalence of burnout among health care workers during coronavirus disease 
@unpublished{o,
  author = {Prevalence of},
  title = {burnout among health care workers during coronavirus disease},
}

% (COVID-19) pandemic: A systematic review and meta-analysis. Professional Psy- 
@book{c,
  author = {COVID-19)},
  title = {pandemic: A systematic review and meta-analysis},
  publisher = {Professional Psy-},
}

% chology: Research and Practice, 53(6), 564–573. https://doi.org/10.1037/pro0000483 
@article{c-1,
  doi = {10.1037/pro0000483},
  author = {chology},
  title = {Research and Practice},
  volume = {53},
  number = {6},
  pages = {564-573},
}

% Prasad, K., McLoughlin, C., Stillman, M., Poplau, S., Goelz, E., Taylor, S., Nankivil, N., Brown, R., Linzer, M., Cappelucci, K., Barbouche, M. & Sinsky, C. A. (2021). Prevalence and correlates of stress and burnout among U.S. healthcare workers during the COVID-19 pandemic: A national cross-sectional survey study. EClinicalMedicine, 35, 100879. https://doi.org/10.1016/j.eclinm.2021.100879  
@article{pmspgtnblcbs21,
  doi = {10.1016/j.eclinm.2021.100879},
  author = {Prasad, K. and McLoughlin, C. and Stillman, M. and Poplau, S. and Goelz, E. and Taylor, S. and Nankivil, N. and Brown, R. and Linzer, M. and Cappelucci, K. and Barbouche, M. and Sinsky, C. A.},
  year = {2021},
  title = {Prevalence and correlates of stress and burnout among U. S. healthcare workers during the COVID-19 pandemic: A national cross-sectional survey study},
  journal = {EClinicalMedicine},
  volume = {35},
  pages = {100879},
}

@Manual{RStudio,
    title = {RStudio: Integrated Development Environment for R},
    author = {{Posit team}},
    organization = {Posit Software, PBC},
    address = {Boston, MA},
    year = {2024},
    url = {http://www.posit.co/},
  }

% Questback. (2017). EFS Survey (Version Summer 2017) [Software]. https://www.quest- 
@online{q17,
  url = {https://www.questback.com/de},
  author = {Questback},
  year = {2017},
  title = {EFS Survey (Version Summer 2017) [Software]},
}

% Questback. (2017). EFS Survey (Version Winter 2018) [Software]. https://www.quest- 
@online{q18,
  url = {https://www.questback.com/de},
  author = {Questback},
  year = {2018},
  title = {EFS Survey (Version Winter 2018) [Software]},
}

% Reed-Knight, B., Van Tilburg, M. A., Levy, R. L., Langer, S. L., Romano, J. M., Murphy, T. B., DuPen, M. M. & Feld, A. D. (2018). Maladaptive coping and depressive symptoms partially explain the association between family stress and pain-related distress in youth with IBD. Journal of Pediatric Psychology, 43(1), 94–103. https://doi.org/10.1093/jpepsy/jsx082 
@article{rvllrmdf18,
  doi = {10.1093/jpepsy/jsx082},
  author = {Reed-Knight, B. and Van Tilburg, M. A. and Levy, R. L. and Langer, S. L. and Romano, J. M. and Murphy, T. B. and DuPen, M. M. and Feld, A. D.},
  year = {2018},
  title = {Maladaptive coping and depressive symptoms partially explain the association between family stress and pain-related distress in youth with IBD},
  journal = {Journal of Pediatric Psychology},
  volume = {43},
  number = {1},
  pages = {94-103},
}

% Reisenzein, R., Schützwohl, A. & Meyer, W. (2008). Einführung in die Emotionspsychologie, Bd.3, Kognitive Emotionstheorien (1. Aufl.,). Huber, Bern. 
@article{rsm08,
  author = {Reisenzein, R. and Schützwohl, A. and Meyer, W.},
  year = {2008},
  title = {Einführung in die Emotionspsychologie},
  journal = {Bd.},
  volume = {3, Kognitive Emotionstheorien (1. Aufl., ). Huber, Bern},
}


% Rosseel, Y. (2012). Lavaan: An R package for structural equation modeling. Journal of Statistical Software, 48(2), 1–36. http://www.jstatsoft.org/v48/i02/ 
@article{r12,
  url = {http://www.jstatsoft.org/v48/i02/},
  author = {Rosseel, Y.},
  year = {2012},
  title = {lavaan: An R package for structural equation modeling},
  journal = {Journal of Statistical Software},
  volume = {48},
  number = {2},
  pages = {1-36},
}

% Sadowski, C. J. & Cogburn, H. E. (1997). Need for Cognition in the big-five factor structure. The Journal of Psychology, 131(3), 307–312. https://doi.org/10.1080/00223989709603517  
@article{sc97,
  doi = {10.1080/00223989709603517},
  author = {Sadowski, C. J. and Cogburn, H. E.},
  year = {1997},
  title = {Need for Cognition in the big-five factor structure},
  journal = {The Journal of Psychology},
  volume = {131},
  number = {3},
  pages = {307-312},
}

% Sandra, D. A. & Otto, A. R. (2018). Cognitive capacity limitations and Need for Cognition differentially predict reward-induced cognitive effort expenditure. Cognition, 172, 101–106. https://doi.org/10.1016/j.cognition.2017.12.004  
@article{so18,
  doi = {10.1016/j.cognition.2017.12.004},
  author = {Sandra, D. A. and Otto, A. R.},
  year = {2018},
  title = {Cognitive capacity limitations and Need for Cognition differentially predict reward-induced cognitive effort expenditure},
  journal = {Cognition},
  volume = {172},
  pages = {101-106},
}

% Satow, L. (2012). Stress- und Coping-Inventar (SCI): Test- und Skalendokumentation. Online im Internet: URL: https://www.drsatow.de/tests/stress-und-coping-inventar/  
@book{s12,
  url = {https://www.drsatow.de/tests/stress-und-coping-inventar/},
  author = {Satow, L.},
  year = {2012},
  title = {Stress- und Coping-Inventar (SCI): Test- und Skalendokumentation},
  address = {Online im Internet},
}

% Schramm, T. J. T. (2014). Burnout am Arbeitsplatz von Krankenschwestern und Krankenpflegern in Bayern – Eine empirische Untersuchung [Doktorarbeit]. Europa-Universität Viadrina Frankfurt (Oder). 
@book{s14,
  author = {Schramm, T. J. T.},
  year = {2014},
  title = {Burnout am Arbeitsplatz von Krankenschwestern und Krankenpflegern in Bayern -- Eine empirische Untersuchung [Doktorarbeit]},
  publisher = {Europa-Universität Viadrina  (Oder},
  address = {Frankfurt},
}

% Schütz, A., Rentzsch, K. & Rüdiger, M. (2016). Lehrbuch Persönlichkeitspsychologie (1. Auflage 2016). Hogrefe AG. 
@article{srr16,
  author = {Schütz, A. and Rentzsch, K. and Rüdiger, M.},
  year = {2016},
  title = {Lehrbuch Persönlichkeitspsychologie (1},
  journal = {Auflage},
  volume = {2016). Hogrefe AG},
}

% Seibert, G. S., Bauer, K. N., May, R. W. & Fincham, F. D. (2017). Emotion regulation and academic underperformance: The role of school burnout. Learning and Individual Differences, 60, 1–9. https://doi.org/10.1016/j.lindif.2017.10.001 
@article{sbmf17,
  doi = {10.1016/j.lindif.2017.10.001},
  author = {Seibert, G. S. and Bauer, K. N. and May, R. W. and Fincham, F. D.},
  year = {2017},
  title = {Emotion regulation and academic underperformance: The role of school burnout},
  journal = {Learning and Individual Differences},
  volume = {60},
  pages = {1-9},
}

% Shanafelt, T. D., Balch, C. M., Bechamps, G., Russell, T. P., Dyrbye, L. N., Satele, D., Collicott, P., Novotny, P. J., Sloan, J. A. & Freischlag, J. A. (2009). Burnout and career satisfaction among american surgeons. Annals of Surgery, 250(3), 463–471. https://doi.org/10.1097/sla.0b013e3181ac4dfd 
@article{sbbrdscnsf09,
  doi = {10.1097/sla.0b013e3181ac4dfd},
  author = {Shanafelt, T. D. and Balch, C. M. and Bechamps, G. and Russell, T. P. and Dyrbye, L. N. and Satele, D. and Collicott, P. and Novotny, P. J. and Sloan, J. A. and Freischlag, J. A.},
  year = {2009},
  title = {Burnout and career satisfaction among american surgeons},
  journal = {Annals of Surgery},
  volume = {250},
  number = {3},
  pages = {463-471},
}

% Shanafelt, T. D., Balch, C. M., Dyrbye, L. N., Bechamps, G., Russell, T., Satele, D., Rummans, T. A., Swartz, K., Novotny, P. J., Sloan, J. A. & Oreskovich, M. R. (2011). Special report: Suicidal ideation among american surgeons. Archives of Surgery, 146(1), 54–62. https://doi.org/10.1001/archsurg.2010.292 
@article{sbdbrsrsnso11,
  doi = {10.1001/archsurg.2010.292},
  author = {Shanafelt, T. D. and Balch, C. M. and Dyrbye, L. N. and Bechamps, G. and Russell, T. and Satele, D. and Rummans, T. A. and Swartz, K. and Novotny, P. J. and Sloan, J. A. and Oreskovich, M. R.},
  year = {2011},
  title = {Special report: Suicidal ideation among american surgeons},
  journal = {Archives of Surgery},
  volume = {146},
  number = {1},
  pages = {54-62},
}

% Shin, H., Park, Y. M., Ying, J. Y., Kim, B., Noh, H. & Lee, S. M. (2014). Relationships between coping strategies and burnout Symptoms: A Meta-analytic approach. Professional Psychology: Research and Practice, 45(1), 44–56. https://doi.org/10.1037/a0035220 
@article{spyknl14,
  doi = {10.1037/a0035220},
  author = {Shin, H. and Park, Y. M. and Ying, J. Y. and Kim, B. and Noh, H. and Lee, S. M.},
  year = {2014},
  title = {Relationships between coping strategies and burnout Symptoms: A Meta-analytic approach},
  journal = {Professional Psychology: Research and Practice},
  volume = {45},
  number = {1},
  pages = {44-56},
}

% Skinner, E. A., Edge, K., Altman, J. & Sherwood, H. (2003). Searching for the structure of coping: A review and critique of category systems for classifying ways of coping. Psychological Bulletin, 129(2), 216–269. https://doi.org/10.1037/0033-2909.129.2.216  
@article{seas03,
  doi = {10.1037/0033-2909.129.2.216},
  author = {Skinner, E. A. and Edge, K. and Altman, J. and Sherwood, H.},
  year = {2003},
  title = {Searching for the structure of coping: A review and critique of category systems for classifying ways of coping},
  journal = {Psychological Bulletin},
  volume = {129},
  number = {2},
  pages = {216-269},
}

% Smeds, M. R., Janko, M., Allen, S. R., Amankwah, K. S., Arnell, T. D., Ansari, P., Balters, M., Hess, D. T., Ferguson, E., Jackson, P. G., Kimbrough, M. K., Knight, D. C., Johnson, M., Porter, M. P., Shames, B. D., Schroll, R., Shelton, J., Sussman, J. J. & Yoo, P. S. (2020). Burnout and its relationship with perceived stress, self-efficacy, depression, social support, and programmatic factors in general surgery residents. The American Journal of Surgery, 219(6), 907–912. https://doi.org/10.1016/j.amjsurg.2019.07.004 
@article{sjaaaabhfjkkjpssssy20,
  doi = {10.1016/j.amjsurg.2019.07.004},
  author = {Smeds, M. R. and Janko, M. and Allen, S. R. and Amankwah, K. S. and Arnell, T. D. and Ansari, P. and Balters, M. and Hess, D. T. and Ferguson, E. and Jackson, P. G. and Kimbrough, M. K. and Knight, D. C. and Johnson, M. and Porter, M. P. and Shames, B. D. and Schroll, R. and Shelton, J. and Sussman, J. J. and Yoo, P. S.},
  year = {2020},
  title = {Burnout and its relationship with perceived stress, self-efficacy, depression, social support, and programmatic factors in general surgery residents},
  journal = {The American Journal of Surgery},
  volume = {219},
  number = {6},
  pages = {907-912},
}

% So-Hyung, K., Jong-Hyuck, K., Il-Kon, K., Wi-Young, S. & Dong Jun, S. (2015). The Effect of Smoking on Brain Wave Activity in Middle-Aged Men Measured by Electrocorticography. PubMed Central. Retrieved November 25, 2023, from https://www.ncbi.nlm.nih.gov/pmc/articles/PMC4645788/ 
@article{sjiwd15,
  urldate = {November 25, 2023},
  url = {https://www.ncbi.nlm.nih.gov/pmc/articles/PMC4645788/},
  author = {So-Hyung, K. and Jong-Hyuck, K. and Il-Kon, K. and Wi-Young, S. and Dong Jun, S.},
  year = {2015},
  title = {The Effect of Smoking on Brain Wave Activity in Middle-Aged Men Measured by Electrocorticography},
  journal = {PubMed Central},
}

% Soto‐Rubio, A., Del Carmen Giménez-Espert, M. & Prado-Gascó, V. (2020). Effect of emotional intelligence and psychosocial risks on burnout, job satisfaction, and nurses’ health during the COVID-19 pandemic. International Journal of Environmental Research and Public Health, 17(21), 7998. https://doi.org/10.3390/ijerph17217998 
@article{sdp20,
  doi = {10.3390/ijerph17217998},
  author = {Soto-Rubio, A. and Del Carmen Giménez-Espert, M. and Prado-Gascó, V.},
  year = {2020},
  title = {Effect of emotional intelligence and psychosocial risks on burnout, job satisfaction, and nurses' health during the COVID-19 pandemic},
  journal = {International Journal of Environmental Research and Public Health},
  volume = {17},
  number = {21},
  pages = {7998},
}

% Strobel, A., Anacker, K. & Strobel, A. (2017). Cognitive engagement mediates the relationship between positive life events and positive emotionality. Frontiers in Psychology, 8. https://doi.org/10.3389/fpsyg.2017.01861  
@article{sas17,
  doi = {10.3389/fpsyg.2017.01861},
  author = {Strobel, A. and Anacker, K. and Strobel, A.},
  year = {2017},
  title = {Cognitive engagement mediates the relationship between positive life events and positive emotionality},
  journal = {Frontiers in Psychology},
  volume = {8},
}

% Strobel, A., Farkas, A., Hoyer, J., Melicherova, U., Köllner, V. & Strobel, A. (2021). Cognitive motivation as a resource for affective adjustment and mental health. Frontiers in Psychology, 12. https://doi.org/10.3389/fpsyg.2021.581681 
@article{sfhmks21,
  doi = {10.3389/fpsyg.2021.581681},
  author = {Strobel, A. and Farkas, A. and Hoyer, J. and Melicherova, U. and Köllner, V. and Strobel, A.},
  year = {2021},
  title = {Cognitive motivation as a resource for affective adjustment and mental health},
  journal = {Frontiers in Psychology},
  volume = {12},
}

% Sun, J., Lin, P., Zhang, H., Li, J. & Cao, F. (2017). A non-linear relationship between the cumulative exposure to occupational stressors and nurses’ burnout and the potentially emotion regulation factors. Journal of Mental Health, 27(5), 409–415. https://doi.org/10.1080/09638237.2017.1385740 
@article{slzlc17,
  doi = {10.1080/09638237.2017.1385740},
  author = {Sun, J. and Lin, P. and Zhang, H. and Li, J. and Cao, F.},
  year = {2017},
  title = {A non-linear relationship between the cumulative exposure to occupational stressors and nurses' burnout and the potentially emotion regulation factors},
  journal = {Journal of Mental Health},
  volume = {27},
  number = {5},
  pages = {409-415},
}

% Tingley, D., Yamamoto, T., Hirose, K., Keele, L., Imai, K. (2013). Mediation: R package for causal mediation analysis. (4.5.0) [Software] http://CRAN.R-project.org/ 
@online{tyhki13,
  note = {(4.5.0) [Software]},
  url = {http://CRAN.R-project.org/},
  author = {Tingley, D. and Yamamoto, T. and Hirose, K. and Keele, L. and Imai, K.},
  year = {2013},
  title = {Mediation: R package for causal mediation analysis},
}

% Vizoso, C., Arias-Gundín, O. & Rodríguez, C. (2019). Exploring coping and optimism as predictors of academic burnout and performance among university students. Educational Psychology, 39(6), 768–783. https://doi.org/10.1080/01443410.2018.154 5996  
@article{var19,
  doi = {10.1080/01443410.2018.154},
  author = {Vizoso, C. and Arias-Gundín, O. and Rodríguez, C.},
  year = {2019},
  title = {Exploring coping and optimism as predictors of academic burnout and performance among university students},
  journal = {Educational Psychology},
  volume = {39},
  number = {6},
  pages = {768-783},
}

% Von Känel, R., Herr, R. M., Van Vianen, A. & Schmidt, B. (2017). Association of adaptive and maladaptive narcissism with personal burnout: Findings from a cross-sectional study. Industrial Health, 55(3), 233–242. https://doi.org/10.2486/indhealth.2016-0136 
@article{vhvs17,
  doi = {10.2486/indhealth.2016-0136},
  author = {Von Känel, R. and Herr, R. M. and Van Vianen, A. and Schmidt, B.},
  year = {2017},
  title = {Association of adaptive and maladaptive narcissism with personal burnout: Findings from a cross-sectional study},
  journal = {Industrial Health},
  volume = {55},
  number = {3},
  pages = {233-242},
}

% West, C., Dyrbye, L. N. & Shanafelt, T. D. (2018). Physician burnout: contributors, consequences and solutions. Journal of Internal Medicine, 283(6), 516–529. https://doi.org/10.1111/joim.12752 
@article{wds18,
  doi = {10.1111/joim.12752},
  author = {West, C. and Dyrbye, L. N. and Shanafelt, T. D.},
  year = {2018},
  title = {Physician burnout: contributors, consequences and solutions},
  journal = {Journal of Internal Medicine},
  volume = {283},
  number = {6},
  pages = {516-529},
}

% Wu, Y., Wang, J., Luo, C., Hu, S., Lin, X., Anderson, A. E., Bruera, E., Yang, X., Wei, S. & Qian, Y. (2020). A comparison of burnout frequency among oncology physicians and nurses working on the frontline and usual wards during the COVID-19 epidemic in Wuhan, China. Journal of Pain and Symptom Management, 60(1), e60–e65. https://doi.org/10.1016/j.jpainsymman.2020.04.008  
@article{wwlhlabywq20,
  doi = {10.1016/j.jpainsymman.2020.04.008},
  author = {Wu, Y. and Wang, J. and Luo, C. and Hu, S. and Lin, X. and Anderson, A. E. and Bruera, E. and Yang, X. and Wei, S. and Qian, Y.},
  year = {2020},
  title = {A comparison of burnout frequency among oncology physicians and nurses working on the frontline and usual wards during the COVID-19 epidemic in Wuhan, {C}hina},
  journal = {Journal of Pain and Symptom Management},
  volume = {60},
  number = {1},
  pages = {e60-e65},
}

% Zerna, J., Engelmann, N., Strobel, A. & Strobel, A. (2022). Need for Cognition and burnout in teachers – A replication and extension study. Health Psychology Open, 9(2), 205510292211396. https://doi.org/10.1177/20551029221139679  
@article{zess22,
  doi = {10.1177/20551029221139679},
  author = {Zerna, J. and Engelmann, N. and Strobel, A. and Strobel, A.},
  year = {2022},
  title = {Need for Cognition and burnout in teachers -- A replication and extension study},
  journal = {Health Psychology Open},
  volume = {9},
  number = {2},
  pages = {2055102922113},
}

% Zerna, J., Strobel, A. & Strobel, A. (2023). The role of Need for Cognition in well-being – Review and meta-analyses of associations and potentially underlying mechanisms. PsyArXiv. https://doi.org/10.31234/osf.io/p6gwh 
@book{zss23,
  doi = {10.31234/osf.io/p6gwh},
  author = {Zerna, J. and Strobel, A. and Strobel, A.},
  year = {2023},
  title = {The role of Need for Cognition in well-being -- Review and meta-analyses of associations and potentially underlying mechanisms},
  publisher = {PsyArXiv},
}

% Ziessler, K. (2019). Need for Cognition als Ressource für helfende Berufe [Unpublished bachelor’s thesis]. University of Technology Chemnitz. 
@book{z19,
  author = {Ziessler, K.},
  year = {2019},
  title = {Need for Cognition als Ressource für helfende Berufe [Unpublished Bachelor's thesis]},
  publisher = {University of Technology Chemnitz},
}

