@Manual{R-base,
  title = {R: A Language and Environment for Statistical Computing},
  author = {{R Core Team}},
  organization = {R Foundation for Statistical Computing},
  address = {Vienna, Austria},
  year = {2024},
  url = {https://www.R-project.org/},
}

@Manual{R-papaja,
  title = {{papaja}: {Prepare} reproducible {APA} journal articles with {R Markdown}},
  author = {Frederik Aust and Marius Barth},
  year = {2022},
  note = {R package version 0.1.1.9001},
  url = {https://github.com/crsh/papaja},
}

@Manual{R-tinylabels,
  title = {{tinylabels}: Lightweight Variable Labels},
  author = {Marius Barth},
  year = {2023},
  note = {R package version 0.2.4},
  url = {https://cran.r-project.org/package=tinylabels},
}

@Manual{R-RStudio,
    title = {RStudio: Integrated Development Environment for R},
    author = {{Posit team}},
    organization = {Posit Software, PBC},
    address = {Boston, MA},
    year = {2024},
    url = {http://www.posit.co/},
  }

% Abler, B. & Kessler, H. (2009). Emotion Regulation Questionnaire – Eine deutschsprachige Fassung des ERQ von Gross und John. Diagnostica, 55(3), 144–152. https://doi.org/10.1026/0012-1924.55.3.144 
@article{Abler-2009,
  doi = {10.1026/0012-1924.55.3.144},
  author = {Abler, B. and Kessler, H.},
  year = {2009},
  title = {{Emotion Regulation Questionnaire -- Eine deutschsprachige Fassung des ERQ von Gross und John}},
  journal = {Diagnostica},
  volume = {55},
  number = {3},
  pages = {144-152},
}

% Bertrams, A. & Dickhäuser, O. (2009). Messung dispositioneller Selbstkontroll-Kapazität. Diagnostica, 55(1), 2–10. https://doi.org/10.1026/0012-1924.55.1.2  
@article{Bertrams-2009,
  doi = {10.1026/0012-1924.55.1.2},
  author = {Bertrams, A. and Dickhäuser, O.},
  year = {2009},
  title = {{Messung dispositioneller Selbstkontroll-Kapazität}},
  journal = {Diagnostica},
  volume = {55},
  number = {1},
  pages = {2-10},
}

% Bertrams, A. & Dickhäuser, O. (2012). Passionate thinkers feel better: Self-control capacity as mediator of the relationship between Need for Cognition and affective adjustment. Journal of Individual Differences, 33(2), 69–75. https://doi.org/10.1027/1614-0001/a000081  
@article{Bertrams-2012,
  doi = {10.1027/1614-0001/a000081},
  author = {Bertrams, A. and Dickhäuser, O.},
  year = {2012},
  title = {Passionate thinkers feel better: Self-control capacity as mediator of the relationship between {Need for Cognition} and affective adjustment},
  journal = {Journal of Individual Differences},
  volume = {33},
  number = {2},
  pages = {69-75},
}

% Bianchi, R., Schonfeld, I. S. & Laurent, E. (2015). Burnout–depression overlap: A review. Clinical Psychology Review, 36, 28–41. https://doi.org/10.1016/j.cpr.2015.01.004 
@article{Bianchi-2015,
  title = {Burnout–depression overlap: A review},
  author = {Renzo Bianchi and Irvin Sam Schonfeld and Eric Laurent},
  journal = {Clinical Psychology Review},
  volume = {36},
  pages = {28-41},
  year = {2015},
  issn = {0272-7358},
  doi = {10.1016/j.cpr.2015.01.004},
}

% Bless, H., Wänke, M., Bohner, G., Fellhauer, R. F. & Schwarz, N. (1994). Need for Cognition: Eine Skala zur Erfassung von Engagement und Freude bei Denkaufgaben. Zeitschrift Für Sozialpsychologie, 25, 147–154. https://pub.uni-bielefeld.de/publication/1779110 
@article{Bless-1994,
  url = {https://pub.uni-bielefeld.de/publication/1779110},
  author = {Bless, H. and Wänke, M. and Bohner, G. and Fellhauer, R. F. and Schwarz, N.},
  year = {1994},
  title = {Need for Cognition: Eine Skala zur Erfassung von Engagement und Freude bei Denkaufgaben},
  journal = {Zeitschrift Für Sozialpsychologie},
  volume = {25},
  pages = {147-154},
}

% Büssing, A., & Perrar, K.-M. (1992). Die Messung von Burnout. Untersuchung einer deutschen Fassung des Maslach Burnout Inventory (MBI-D). Diagnostica, 38, 328-353. 
@article{Buessing-1992,
  title = {Die {Messung von Burnout. Untersuchung einer deutschen Fassung des Maslach Burnout Inventory (MBI-D)}},
  author = {A. B\"ussing and K.-M. Perrar},
  year = {1992},
  journal = {Diagnostica},
  volume = {38},
  pages = {328-353},
}

% Dreher, A., Theune, M., Kersting, C., Geiser, F. & Weltermann, B. (2019). Prevalence of burnout among German general practitioners: Comparison of physicians working in solo and group practices. PLOS ONE, 14(2), e0211223. https://doi.org/10.1371/journal.pone.0211223 
@article{Dreher-2019,
  author = {A. Dreher and M. Theune and C. Kersting and F. Geiser and B. Weltermann},
  title = {Prevalence of burnout among German general practitioners: Comparison of physicians working in solo and group practices},
  journal = {PLOS ONE},
  year = {2019},
  volume = {14},
  number = {2},
  pages = {e0211223},
  doi = {10.1371/journal.pone.0211223},
}

% Grass, J., John, N. & Strobel, A. (2018). Freude am Denken als Schlüssel zum Erfolg? Die Bedeutung von Need for Cognition für subjektives Erleben und Leistung im Studium. Zeitschrift für Pädagogische Psychologie, 32(3), 145–154. https://doi.org/10.1024/1010-0652/a000222  
@article{Grass-2018,
  doi = {10.1024/1010-0652/a000222},
  author = {Grass, J. and John, N. and Strobel, A.},
  year = {2018},
  title = {Freude am Denken als Schlüssel zum Erfolg? Die Bedeutung von Need for Cognition für subjektives Erleben und Leistung im Studium},
  journal = {Zeitschrift für Pädagogische Psychologie},
  volume = {32},
  number = {3},
  pages = {145-154},
}

% Kadur, A.M. (2018). Risiko- und Protektivfaktoren der Persönlichkeit von Pflegekräften. Unpublished Master's Thesis. University of Technology Chemnitz.
@unpublished{Kadur-2018,
  author = {Kadur, A. M.},
  year = {2018},
  title = {{Risiko}- und {Protektivfaktoren} der {Persönlichkeit} von {Pflegekräften} ({Unpublished Master's Thesis})},
  publisher = {University of Technology Chemnitz},
}

% Maslach, C. & Jackson, S. E. (1981). The measurement of experienced burnout. Journal of Organizational Behavior, 2(2), 99–113. https://doi.org/10.1002/job.4030020205  
@article{Maslach-1981,
   title = {The measurement of experienced burnout},
   author = {C. Maslach and S. E. Jackson},
   journal = {Journal of Organizational Behavior},
   year = {1981},
   volume = {2},
   number = {2},
   pages = {99-113},
   doi = {https://doi.org/10.1002/job.4030020205},
}

% Maslach, C. (2003). Job burnout: New directions in research and intervention. Current Directions in Psychological Science, 12(5), 189–192. https://doi.org/10.1111/1467-8721.01258  
@article{Maslach-2003,
  author = {Christina Maslach},
  title ={Job Burnout: New Directions in Research and Intervention},
  journal = {Current Directions in Psychological Science},
  volume = {12},
  number = {5},
  pages = {189-192},
  year = {2003},
  doi = {https://doi.org/10.1111/1467-8721.01258},
}

% Questback. (2017). EFS Survey [Software]. https://www.questback.com/de 
@online{Questback-2017,
  url = {https://www.questback.com/de},
  author = {Questback},
  year = {2017},
  title = {EFS Survey [Software]},
}

% Satow, L. (2012). Stress- und Coping-Inventar (SCI): Test- und Skalendokumentation. Online im Internet: URL: https://www.drsatow.de/tests/stress-und-coping-inventar/  
@book{Satow-2012,
  url = {https://www.drsatow.de/tests/stress-und-coping-inventar/},
  author = {Satow, L.},
  year = {2012},
  title = {{Stress- und Coping-Inventar (SCI): Test- und Skalendokumentation}},
}


% Simmons, Joseph P. and Nelson, Leif D. and Simonsohn, Uri, A 21 Word Solution (October 14, 2012). Available at SSRN: https://ssrn.com/abstract=2160588
@misc{Simmons-2012,
  title = {A 21 word solution},
  url = {https://papers.ssrn.com/abstract=2160588},
  doi = {10.2139/ssrn.2160588},
  author = {Simmons, Joseph P. and Nelson, Leif D. and Simonsohn, Uri},
  year = {2012},
}

% Ziessler, K. (2019). Need for Cognition als Ressource für helfende Berufe [Unpublished Bachelor’s Thesis]. University of Technology Chemnitz. 
@unpublished{Ziessler-2019,
  author = {Ziessler, K.},
  year = {2019},
  title = {{Need for Cognition als Ressource für helfende Berufe} ({Unpublished Bachelor's Thesis})},
  publisher = {University of Technology Chemnitz},
}




@Manual{R-BayesFactor,
  title = {BayesFactor: Computation of Bayes Factors for Common Designs},
  author = {Richard D. Morey and Jeffrey N. Rouder},
  year = {2024},
  note = {R package version 0.9.12-4.7},
  url = {https://CRAN.R-project.org/package=BayesFactor},
}
@Article{R-coda,
  title = {CODA: Convergence Diagnosis and Output Analysis for MCMC},
  author = {Martyn Plummer and Nicky Best and Kate Cowles and Karen Vines},
  journal = {R News},
  year = {2006},
  volume = {6},
  number = {1},
  pages = {7--11},
  url = {https://journal.r-project.org/archive/},
  pdf = {https://www.r-project.org/doc/Rnews/Rnews_2006-1.pdf},
}
@Manual{R-Matrix,
  title = {Matrix: Sparse and Dense Matrix Classes and Methods},
  author = {Douglas Bates and Martin Maechler and Mikael Jagan},
  year = {2024},
  note = {R package version 1.7-0},
  url = {https://CRAN.R-project.org/package=Matrix},
}
@Manual{R-psych,
  title = {psych: Procedures for Psychological, Psychometric, and Personality Research},
  author = {{William Revelle}},
  organization = {Northwestern University},
  address = {Evanston, Illinois},
  year = {2024},
  note = {R package version 2.4.6},
  url = {https://CRAN.R-project.org/package=psych},
}
@Article{R-lavaan,
  title = {{lavaan}: An {R} Package for Structural Equation Modeling},
  author = {Yves Rosseel},
  journal = {Journal of Statistical Software},
  year = {2012},
  volume = {48},
  number = {2},
  pages = {1--36},
  doi = {10.18637/jss.v048.i02},
}
@Manual{R-here,
  title = {here: A Simpler Way to Find Your Files},
  author = {Kirill Müller},
  year = {2020},
  note = {R package version 1.0.1},
  url = {https://CRAN.R-project.org/package=here},
}
@Manual{R-readr,
  title = {readr: Read Rectangular Text Data},
  author = {Hadley Wickham and Jim Hester and Jennifer Bryan},
  year = {2024},
  note = {R package version 2.1.5},
  url = {https://CRAN.R-project.org/package=readr},
}
